<record><leader>00000cas a22000007a 4500</leader><controlfield tag="001">44388757</controlfield><controlfield tag="008">000612d19982009wauwr ne      0   a0eng c</controlfield><datafield ind1=" " ind2=" " tag="010"><subfield code="a">  2001215371</subfield></datafield><datafield ind1=" " ind2=" " tag="040"><subfield code="a">WRJ</subfield><subfield code="b">eng</subfield><subfield code="c">WRJ</subfield><subfield code="d">NSD</subfield><subfield code="d">OCLCQ</subfield><subfield code="d">OCLCF</subfield><subfield code="d">OCLCO</subfield><subfield code="d">WAU</subfield></datafield><datafield ind1=" " ind2=" " tag="012"><subfield code="l">1</subfield></datafield><datafield ind1="1" ind2=" " tag="022"><subfield code="a">1536-139X</subfield><subfield code="l">1536-139X</subfield><subfield code="2">1</subfield></datafield><datafield ind1=" " ind2=" " tag="037"><subfield code="b">Federal Way News, 32015 1st Ave. S., Federal Way, WA 98003</subfield></datafield><datafield ind1=" " ind2=" " tag="042"><subfield code="a">nsdp</subfield><subfield code="a">pcc</subfield></datafield><datafield ind1=" " ind2=" " tag="043"><subfield code="a">n-us-wa</subfield></datafield><datafield ind1="0" ind2=" " tag="130"><subfield code="a">Federal Way news (1998)</subfield></datafield><datafield ind1=" " ind2="0" tag="222"><subfield code="a">Federal Way news</subfield></datafield><datafield ind1="1" ind2="0" tag="245"><subfield code="a">Federal Way news.</subfield></datafield><datafield ind1=" " ind2=" " tag="260"><subfield code="a">Federal Way, Wash. :</subfield><subfield code="b">Robinson Newspapers,</subfield><subfield code="c">1998-</subfield></datafield><datafield ind1=" " ind2=" " tag="300"><subfield code="a">v. :</subfield><subfield code="b">ill. ;</subfield><subfield code="c">35-45 cm.</subfield></datafield><datafield ind1=" " ind2=" " tag="310"><subfield code="a">Weekly (Wednesdays)</subfield></datafield><datafield ind1="1" ind2=" " tag="362"><subfield code="a">Began in 1998; ceased with: September 18, 2009.</subfield></datafield><datafield ind1=" " ind2=" " tag="530"><subfield code="a">Also available on microfilm.</subfield></datafield><datafield ind1=" " ind2=" " tag="580"><subfield code="a">Not a continuation of the newspaper with the same title that was published from 1958-Jan. 28, 1998.</subfield></datafield><datafield ind1="0" ind2=" " tag="588"><subfield code="a">Vol. 1, no. 45 (Jan. 13, 1999).</subfield></datafield><datafield ind1="1" ind2=" " tag="588"><subfield code="a">Vol. 9, no. 52 (Dec. 27, 2006).</subfield></datafield><datafield ind1=" " ind2="0" tag="651"><subfield code="a">Federal Way (Wash.)</subfield><subfield code="v">Newspapers.</subfield></datafield><datafield ind1=" " ind2="7" tag="651"><subfield code="a">Washington (State)</subfield><subfield code="z">Federal Way.</subfield><subfield code="2">fast</subfield><subfield code="0">(OCoLC)fst01222730</subfield></datafield><datafield ind1=" " ind2="7" tag="655"><subfield code="a">Newspapers.</subfield><subfield code="2">fast</subfield><subfield code="0">(OCoLC)fst01423814</subfield></datafield><datafield ind1=" " ind2=" " tag="752"><subfield code="a">United States</subfield><subfield code="b">Washington</subfield><subfield code="c">King</subfield><subfield code="d">Federal Way.</subfield></datafield><datafield ind1="1" ind2=" " tag="776"><subfield code="c">Microfilm</subfield><subfield code="d">Microfilmed by Backstage Library Works Preservation Service Center on behalf of University of Washington Libraries</subfield><subfield code="w">(DLC)  2014252451</subfield><subfield code="w">(OCoLC)890826855</subfield></datafield><datafield ind1="0" ind2="8" tag="776"><subfield code="i">Continued online:</subfield><subfield code="t">Federal Way news (Online)</subfield><subfield code="w">(OCoLC)438177766</subfield></datafield><datafield ind1="1" ind2=" " tag="029"><subfield code="a">AU@</subfield><subfield code="b">000022846948</subfield></datafield></record>